@misc{Wortmann.2020,
	author = {Wortmann, Florian},
	title = {Anwendungsentwicklung II Q4/2020},
	year = {2020}
}

@online{chartjs.2020,
	title = {ChartJS},
	date = {2020},
	urldate = {11-18-2020},
	url = {https://www.chartjs.org/},
}

@online{daterangepicker.2020,
	title = {Date Range Picker},
	date = {2020},
	urldata = {11-18-2020},
	url = {https://www.daterangepicker.com/},
}
